<?xml version="1.0" encoding="UTF-8"?><collection xmlns="http://www.loc.gov/MARC21/slim"><record><leader>00523nam--2200157-i-4500</leader><controlfield tag="001">000019493</controlfield><controlfield tag="002">20161230</controlfield><controlfield tag="005">20161230201033</controlfield><controlfield tag="008">060222s1000------------r-----000-0-eng-d</controlfield><datafield ind1=" " ind2=" " tag="080"><subfield code="a">517.9(042:061.3)</subfield></datafield><datafield ind1=" " ind2=" " tag="245"><subfield code="a">Conference on the theory of ordinary and partial differential equations.held in dundee/ scotland, march 28-31, 1972</subfield></datafield><datafield ind1=" " ind2=" " tag="260"><subfield code="a">Berlin, Springer-verlag, 1972. 367 P</subfield></datafield><datafield ind1=" " ind2=" " tag="490"><subfield code="a">Lecture Notes In Mathematics</subfield></datafield><datafield ind1=" " ind2=" " tag="700"><subfield code="a">Everitt, W.N., Sleeman, B.D</subfield></datafield><datafield ind1=" " ind2=" " tag="852"><subfield code="a">39842</subfield><subfield code="c">517.9</subfield></datafield><datafield ind1=" " ind2=" " tag="CAT"><subfield code="a">Sys</subfield><subfield code="c">20081016</subfield><subfield code="h">102301</subfield></datafield></record></collection>